@article{braemerClusterTruncatedWigner2024,
	title = {Cluster Truncated {{Wigner}} Approximation for Bond-Disordered {{Heisenberg}} Spin Models},
	author = {\textbf{A. Braemer} and Vahedi, Javad and G{\"a}rttner, Martin},
	year = {2024},
	month = aug,
	journal = {Physical Review B},
	volume = {110},
	number = {5},
	pages = {054204},
	issn = {2469-9950, 2469-9969},
	doi = {10.1103/PhysRevB.110.054204},
	urldate = {2024-08-20},
	langid = {english},
	keywords = {int,main-author,thesis-main}
}


@article{braemerPairLocalizationDipolar2022,
  title = {Pair Localization in Dipolar Systems with Tunable Positional Disorder},
  author = {\textbf{A. Braemer} and Franz, Titus and Weidem{\"u}ller, Matthias and G{\"a}rttner, Martin},
  year = {2022},
  month = oct,
  journal = {Physical Review B},
  volume = {106},
  number = {13},
  pages = {134212},
  issn = {2469-9950, 2469-9969},
  doi = {10.1103/PhysRevB.106.134212},
  urldate = {2022-11-02},
  langid = {english},
  keywords = {int,main-author,thesis-main}
}

@article{eulerMetronomeSpinStabilizes2024,
  title = {Metronome Spin Stabilizes Time-Crystalline Dynamics},
  author = {Euler*, Niklas and \textbf{A. Braemer*} and Benn, Luca and G{\"a}rttner, Martin},
  year = {2024},
  month = jun,
  journal = {Physical Review B},
  volume = {109},
  number = {22},
  pages = {224301},
  publisher = {American Physical Society},
  doi = {10.1103/PhysRevB.109.224301},
  keywords = {main-author,thesis-main,int}
}

@misc{franzEmergentPairLocalization2024,
	title = {Emergent Pair Localization in a Many-Body Quantum Spin System},
	author = {Franz, Titus and Geier, Sebastian and Braemer, Adrian and Hainaut, Cl{\'e}ment and Signoles, Adrien and Thaicharoen, Nithiwadee and Tebben, Annika and Salzinger, Andr{\'e} and G{\"a}rttner, Martin and Z{\"u}rn, Gerhard and Weidem{\"u}ller, Matthias},
	year = {2024},
	month = feb,
	number = {arXiv:2207.14216},
	eprint = {2207.14216},
	primaryclass = {cond-mat, physics:physics, physics:quant-ph},
	publisher = {arXiv},
	url = {http://arxiv.org/abs/2207.14216},
	urldate = {2024-08-27},
	doi = {10.48550/arXiv.2207.14216},
	archiveprefix = {arXiv},
	langid = {english},
	keywords = {co-author,int,thesis-main},
	note = {\href{http://arxiv.org/abs/2207.14216}{ArXiv preprint}}
}

@article{franzObservationAnisotropyindependentMagnetization2024,
	title = {Observation of Anisotropy-Independent Magnetization Dynamics in Spatially Disordered {{Heisenberg}} Spin Systems},
	author = {Franz*, T. and Geier*, S. and Hainaut, C. and \textbf{A. Braemer} and Thaicharoen, N. and Hornung, M. and Braun, E. and G{\"a}rttner, M. and Z{\"u}rn, G. and Weidem{\"u}ller, M.},
	year = {2024},
	month = aug,
	journal = {Physical Review Research},
	volume = {6},
	number = {3},
	pages = {033131},
	issn = {2643-1564},
	doi = {10.1103/PhysRevResearch.6.033131},
	urldate = {2024-08-06},
	langid = {english},
	keywords = {co-author,int,thesis-main}
}

@article{geierTimereversalDipolarQuantum2024,
	title = {Time-Reversal in a Dipolar Quantum Many-Body Spin System},
	author = {Geier, Sebastian and \textbf{A. Braemer} and Braun, Eduard and M{\"u}llenbach, Maximilian and Franz, Titus and G{\"a}rttner, Martin and Z{\"u}rn, Gerhard and Weidem{\"u}ller, Matthias},
	year = {2024},
	month = aug,
	journal = {Physical Review Research},
	volume = {6},
	number = {3},
	pages = {033197},
	issn = {2643-1564},
	doi = {10.1103/PhysRevResearch.6.033197},
	urldate = {2024-08-22},
	langid = {english},
	keywords = {co-author,int,thesis-additional}
}


@misc{muellenbachOTOC,
	title = {Detecting operator spreading in {Rydberg} quantum simulators},
	author = {M{\"u}llenbach*, Maximilian and Geier*, Sebastian and \textbf{A. Braemer} and Franz, Titus and Z{\"u}rn, Gerhard and Weidem{\"u}ller, Matthias and G{\"a}rttner, Martin},
	note = {In preparation},
	keywords = {co-author,int,thesis-additional}
}

@misc{erpeldingSymmetries,
	title = {Symmetries of the disorder-averaged time evolution },
	author = {Erpelding*, Mirco and \textbf{A. Braemer*} and G{\"a}rttner, Martin},
	note = {In preparation},
	keywords = {main-author,int,thesis-additional}
}